<collection xmlns="http://www.loc.gov/MARC21/slim">
<record>
  <leader>01390nam a2200337 a 4500</leader>
  <controlfield tag="001">3211211</controlfield>
  <controlfield tag="007">he amb---bbcp</controlfield>
  <controlfield tag="007">he bmb---baap</controlfield>
  <controlfield tag="008">831208s1890    onc     bb    000 0 eng d</controlfield>
  <datafield tag="020" ind1=" " ind2=" ">
    <subfield code="a">0665291701</subfield>
  </datafield>
  <datafield tag="035" ind1=" " ind2=" ">
    <subfield code="a">ocn317762258</subfield>
  </datafield>
  <datafield tag="040" ind1=" " ind2=" ">
    <subfield code="a">CaOOCIHM</subfield>
    <subfield code="b">eng</subfield>
    <subfield code="d">AEU</subfield>
  </datafield>
  <datafield tag="082" ind1="0" ind2=" ">
    <subfield code="a">226.2068</subfield>
    <subfield code="2">19</subfield>
  </datafield>
  <datafield tag="090" ind1=" " ind2=" ">
    <subfield code="a">FC 02 0203 no. 29170</subfield>
    <subfield code="b">AEU</subfield>
  </datafield>
  <datafield tag="100" ind1="1" ind2=" ">
    <subfield code="a">Gibson, John Monro,</subfield>
    <subfield code="d">1838-1921</subfield>
  </datafield>
  <datafield tag="245" ind1="1" ind2="4">
    <subfield code="a">The Gospel of St. Matthew</subfield>
    <subfield code="h">[microform] /</subfield>
    <subfield code="c">by John Monro Gibson.</subfield>
  </datafield>
  <datafield tag="260" ind1=" " ind2=" ">
    <subfield code="a">Toronto :</subfield>
    <subfield code="b">Willard Tract Depository and Bible Depôt,</subfield>
    <subfield code="c">189</subfield>
  </datafield>
<!-- No separator at end of field length=65 -->
<!-- Bad indicator data. Skipping 2 bytes -->
  <datafield tag="300" ind1=" " ind2=" ">
    <subfield code="a">5 microfiches (241 fr.).</subfield>
  </datafield>
<!-- Bad indicator data. Skipping 2 bytes -->
  <datafield tag="490" ind1="1" ind2=" ">
    <subfield code="a">CIHM/ICMH Microfiche series = CIHM/ICMH collection de microfiches ;</subfield>
    <subfield code="v">no. 29170</subfield>
  </datafield>
<!-- Bad indicator data. Skipping 2 bytes -->
  <datafield tag="500" ind1=" " ind2=" ">
    <subfield code="a">Original issued in series: The Expositor&apos;s Bible.</subfield>
  </datafield>
<!-- Bad indicator data. Skipping 2 bytes -->
  <datafield tag="504" ind1=" " ind2=" ">
    <subfield code="a">Includes bibliographical references.</subfield>
  </datafield>
<!-- Bad indicator data. Skipping 2 bytes -->
  <datafield tag="533" ind1=" " ind2=" ">
    <subfield code="a">Filmed from a copy of the original publication held by the Mills Memorial Library, McMaster University.</subfield>
    <subfield code="b">Ottawa :</subfield>
    <subfield code="c">Canadian Institute for Historical Microreproductions,</subfield>
    <subfield code="d">1982.</subfield>
  </datafield>
<!-- Bad indicator data. Skipping 2 bytes -->
  <datafield tag="534" ind1=" " ind2=" ">
    <subfield code="e">viii, 450 p. ; 21 cm.</subfield>
  </datafield>
<!-- Bad indicator data. Skipping 2 bytes -->
  <datafield tag="596" ind1=" " ind2=" ">
    <subfield code="a">43</subfield>
  </datafield>
<!-- Bad indicator data. Skipping 2 bytes -->
  <datafield tag="630" ind1="0" ind2="0">
    <subfield code="a">Bible.</subfield>
    <subfield code="p">N.T.</subfield>
    <subfield code="p">Matthew</subfield>
    <subfield code="x">Criticism, interpretation, etc.</subfield>
  </datafield>
<!-- Bad indicator data. Skipping 2 bytes -->
  <datafield tag="630" ind1="0" ind2="6">
    <subfield code="a">Bible.</subfield>
    <subfield code="p">N.T.</subfield>
    <subfield code="p">Mathieu</subfield>
    <subfield code="x">Critique, interprétation, et</subfield>
  </datafield>
<!-- No separator at end of field length=59 -->
  <datafield tag="830" ind1="t" ind2="c">
  </datafield>
<!-- Separator but not at end of field length=45 -->
  <datafield tag="830" ind1="1" ind2="7">
  </datafield>
<!-- Separator but not at end of field length=27 -->
  <datafield tag="949" ind1="l" ind2="e">
  </datafield>
<!-- Separator but not at end of field length=22 -->
  <datafield tag="016" ind1="P" ind2="R">
  </datafield>
<!-- Separator but not at end of field length=15 -->
  <datafield tag="926" ind1="0" ind2="6">
  </datafield>
<!-- Separator but not at end of field length=58 -->
</record>
</collection>
